<record><leader>02211cam a2200409 i 4500</leader><controlfield tag="001">6712208</controlfield><controlfield tag="003">FlBoTFG</controlfield><controlfield tag="005">20141020104122.0</controlfield><controlfield tag="006">m    |o  d |      </controlfield><controlfield tag="007">cr |||</controlfield><controlfield tag="008">141020t20152015fluadf  ob    001 0 eng d</controlfield><datafield ind1=" " ind2=" " tag="020"><subfield code="a">9781482208009 (e-book : PDF)</subfield></datafield><datafield ind1=" " ind2=" " tag="035"><subfield code="a">ocn891387122</subfield></datafield><datafield ind1=" " ind2=" " tag="039"><subfield code="a">exclude</subfield></datafield><datafield ind1=" " ind2=" " tag="040"><subfield code="a">FlBoTFG</subfield><subfield code="b">eng</subfield><subfield code="c">FlBoTFG</subfield><subfield code="e">rda</subfield><subfield code="d">AEU</subfield></datafield><datafield ind1=" " ind2="4" tag="050"><subfield code="a">SH157.8</subfield><subfield code="b">.M37 2015</subfield></datafield><datafield ind1=" " ind2=" " tag="090"><subfield code="a">Internet Access</subfield><subfield code="b">AEU</subfield></datafield><datafield ind1="1" ind2=" " tag="100"><subfield code="a">Martin, Karen L. M.,</subfield><subfield code="e">author.</subfield></datafield><datafield ind1="1" ind2="0" tag="245"><subfield code="a">Beach spawning fishes :</subfield><subfield code="b">reproduction in an endangered ecosystem /</subfield><subfield code="c">Karen L.M. Martin, Pepperdine University Malibu, California, USA.</subfield></datafield><datafield ind1=" " ind2="1" tag="264"><subfield code="a">Boca Raton :</subfield><subfield code="b">CRC Press,</subfield><subfield code="c">[2015]</subfield></datafield><datafield ind1=" " ind2="4" tag="264"><subfield code="c">&#169;2015</subfield></datafield><datafield ind1=" " ind2=" " tag="300"><subfield code="a">1 online resource.</subfield></datafield><datafield ind1=" " ind2=" " tag="336"><subfield code="a">text</subfield><subfield code="2">rdacontent</subfield></datafield><datafield ind1=" " ind2=" " tag="337"><subfield code="a">computer</subfield><subfield code="2">rdamedia</subfield></datafield><datafield ind1=" " ind2=" " tag="338"><subfield code="a">online resource</subfield><subfield code="2">rdacarrier</subfield></datafield><datafield ind1=" " ind2=" " tag="504"><subfield code="a">Includes bibliographical references and index.</subfield></datafield><datafield ind1="0" ind2=" " tag="505"><subfield code="a">A leap of faith : the evolution of beach spawning in fishes -- Surf, sand, and beach : physical conditions of shore habitats for fishes -- Locals only : beach-spawning behavior in resident intertidal fishes -- Vacation sex : subtidal fishes that make spawning migrations to the beach -- Catching a breath : beach-spawning fishes and air breathing -- Unsafe sex : the dangers of novel predators and other terrestrial influences for beach-spawning fishes and their embryos -- Beach babes : terrestrial incubation and beach-spawning fishes -- Perilous return to the sea : hatching after beach incubation -- Coastal squeeze : new threats to beach-spawning fishes and their critical habitats -- Waves of passion : conservation efforts for beach-spawning fishes.</subfield></datafield><datafield ind1=" " ind2=" " tag="506"><subfield code="a">Access restricted to authorized users and institutions.</subfield></datafield><datafield ind1=" " ind2=" " tag="596"><subfield code="a">44</subfield></datafield><datafield ind1=" " ind2="0" tag="650"><subfield code="a">Fishes</subfield><subfield code="x">Habitat</subfield><subfield code="x">Conservation.</subfield></datafield><datafield ind1=" " ind2="0" tag="650"><subfield code="a">Fishes</subfield><subfield code="x">Spawning.</subfield></datafield><datafield ind1=" " ind2="0" tag="650"><subfield code="a">Fishes</subfield><subfield code="x">Reproduction.</subfield></datafield><datafield ind1=" " ind2="0" tag="650"><subfield code="a">Seashore ecology.</subfield></datafield><datafield ind1=" " ind2="0" tag="650"><subfield code="a">Shore protection.</subfield></datafield><datafield ind1="4" ind2="0" tag="856"><subfield code="3">University of Alberta Access</subfield><subfield code="u">http://marc.crcnetbase.com/isbn/9781482208009</subfield><subfield code="z">(Unlimited Concurrent Users)</subfield></datafield><datafield ind1=" " ind2=" " tag="949"><subfield code="h">UAIN</subfield><subfield code="z">CRC</subfield></datafield><datafield ind1=" " ind2=" " tag="926"><subfield code="a">Internet Access</subfield><subfield code="w">LC</subfield><subfield code="c">1</subfield><subfield code="i">6712208-1001</subfield><subfield code="l">INTERNET</subfield><subfield code="m">UAINTERNET</subfield><subfield code="r">Y</subfield><subfield code="s">Y</subfield><subfield code="t">E-RESOURCE</subfield><subfield code="u">10/27/2014</subfield><subfield code="x">E-BOOK</subfield><subfield code="z">CRC</subfield></datafield></record>